@article{bach2019co2,
  title={CO2 removal with enhanced weathering and ocean alkalinity enhancement: potential risks and co-benefits for marine pelagic ecosystems},
  author={Bach, Lennart T and Gill, Sophie J and Rickaby, Rosalind EM and Gore, Sarah and Renforth, Phil},
  journal={Frontiers in Climate},
  volume={1},
  pages={7},
  year={2019},
  publisher={Frontiers Media SA}
}

@article{trenberth2018climate,
  title={Climate change caused by human activities is happening and it already has major consequences},
  author={Trenberth, Kevin E},
  journal={Journal of energy \& natural resources law},
  volume={36},
  number={4},
  pages={463--481},
  year={2018},
  publisher={Taylor \& Francis}
}

@article{lawrence2018evaluating,
  title={Evaluating climate geoengineering proposals in the context of the Paris Agreement temperature goals},
  author={Lawrence, Mark G and Sch{\"a}fer, Stefan and Muri, Helene and Scott, Vivian and Oschlies, Andreas and Vaughan, Naomi E and Boucher, Olivier and Schmidt, Hauke and Haywood, Jim and Scheffran, J{\"u}rgen},
  journal={Nature communications},
  volume={9},
  number={1},
  pages={1--19},
  year={2018},
  publisher={Nature Publishing Group}
}

@article{russell2012ecosystem,
  title={Ecosystem impacts of geoengineering: a review for developing a science plan},
  author={Russell, Lynn M and Rasch, Philip J and Mace, Georgina M and Jackson, Robert B and Shepherd, John and Liss, Peter and Leinen, Margaret and Schimel, David and Vaughan, Naomi E and Janetos, Anthony C and others},
  journal={Ambio},
  volume={41},
  number={4},
  pages={350--369},
  year={2012},
  publisher={Springer}
}

@article{siegel2021assessing,
  title={Assessing the sequestration time scales of some ocean-based carbon dioxide reduction strategies},
  author={Siegel, DA and DeVries, T and Doney, SC and Bell, T},
  journal={Environmental Research Letters},
  volume={16},
  number={10},
  pages={104003},
  year={2021},
  publisher={IOP Publishing}
}

@article{reid2009impacts,
  title={Impacts of the oceans on climate change},
  author={Reid, Philip C and Fischer, Astrid C and Lewis-Brown, Emily and Meredith, Michael P and Sparrow, Mike and Andersson, Andreas J and Antia, Avan and Bates, Nicholas R and Bathmann, Ulrich and Beaugrand, Gregory and others},
  journal={Advances in marine biology},
  volume={56},
  pages={1--150},
  year={2009},
  publisher={Elsevier}
}

@article{scott2019role,
  title={Role of the ocean in climate stabilization},
  author={Scott-Buechler, Celina M and Greene, Charles H},
  journal={Bioenergy with Carbon Capture and Storage},
  pages={109--130},
  year={2019},
  publisher={Elsevier}
}

@article{feng2017model,
  title={Model-Based Assessment of the CO2 Sequestration Potential of Coastal Ocean Alkalinization},
  author={Feng, EY and Koeve, Wolfgang and Keller, David P and Oschlies, Andreas},
  journal={Earth's Future},
  volume={5},
  number={12},
  pages={1252--1266},
  year={2017},
  publisher={Wiley Online Library}
}

@article{taylor2016enhanced,
  title={Enhanced weathering strategies for stabilizing climate and averting ocean acidification},
  author={Taylor, Lyla L and Quirk, Joe and Thorley, Rachel and Kharecha, Pushker A and Hansen, James and Ridgwell, Andy and Lomas, Mark R and Banwart, Steve A and Beerling, David J},
  journal={Nature Climate Change},
  volume={6},
  number={4},
  pages={402--406},
  year={2016},
  publisher={Nature Publishing Group}
}

@article{terlouw2021life,
  title={Life cycle assessment of carbon dioxide removal technologies: a critical review},
  author={Terlouw, Tom and Bauer, Christian and Rosa, Lorenzo and Mazzotti, Marco},
  journal={Energy \& Environmental Science},
  volume={14},
  number={4},
  pages={1701--1721},
  year={2021},
  publisher={Royal Society of Chemistry}
}

@article{honegger2021paying,
  title={Who is paying for carbon dioxide removal? Designing policy instruments for mobilizing negative emissions technologies},
  author={Honegger, Matthias and Poralla, Matthias and Michaelowa, Axel and Ahonen, Hanna-Mari},
  journal={Frontiers in climate},
  volume={3},
  pages={672996},
  year={2021},
  publisher={Frontiers Media SA}
}

@article{ma2015primary,
  title={Primary discussion of a carbon sink in the oceans},
  author={Ma, Caihua and You, Kui and Ji, Dechun and Ma, Weiwei and Li, Fengqi},
  journal={Journal of Ocean University of China},
  volume={14},
  number={2},
  pages={284--292},
  year={2015},
  publisher={Springer}
}

@article{orr2005anthropogenic,
  title={Anthropogenic ocean acidification over the twenty-first century and its impact on calcifying organisms},
  author={Orr, James C and Fabry, Victoria J and Aumont, Olivier and Bopp, Laurent and Doney, Scott C and Feely, Richard A and Gnanadesikan, Anand and Gruber, Nicolas and Ishida, Akio and Joos, Fortunat and others},
  journal={Nature},
  volume={437},
  number={7059},
  pages={681--686},
  year={2005},
  publisher={Nature Publishing Group}
}

@article{mcnicholl2020ocean,
  title={Ocean acidification effects on calcification and dissolution in tropical reef macroalgae},
  author={McNicholl, C and Koch, MS and Swarzenski, PW and Oberhaensli, FR and Taylor, A and Batista, M G{\'o}mez and Metian, M},
  journal={Coral Reefs},
  volume={39},
  number={6},
  pages={1635--1647},
  year={2020},
  publisher={Springer}
}

@phdthesis{rabiu2017co2,
  title={CO2 trapping and geo-electrical characterisation in the context of geological carbon sequestration},
  author={Rabiu, Kazeem},
  year={2017},
  school={Loughborough University}
}

@article{preston2013ethics,
  title={Ethics and geoengineering: reviewing the moral issues raised by solar radiation management and carbon dioxide removal},
  author={Preston, Christopher J},
  journal={Wiley Interdisciplinary Reviews: Climate Change},
  volume={4},
  number={1},
  pages={23--37},
  year={2013},
  publisher={Wiley Online Library}
}

@article{barker2012ocean,
  title={Ocean acidification},
  author={Barker, Stephen and Ridgwell, Andy},
  journal={Nature Education Knowledge},
  volume={3},
  number={10},
  pages={21},
  year={2012},
  publisher={NPG}
}

@article{cao2015geoengineering,
  title={Geoengineering: Basic science and ongoing research efforts in China},
  author={Cao, Long and Gao, Chao-Chao and Zhao, Li-Yun},
  journal={Advances in climate change research},
  volume={6},
  number={3-4},
  pages={188--196},
  year={2015},
  publisher={Elsevier}
}

@article{bertram2020public,
  title={Public perceptions of ocean-based carbon dioxide removal: The nature-engineering divide?},
  author={Bertram, Christine and Merk, Christine},
  journal={Frontiers in Climate},
  volume={2},
  pages={594194},
  year={2020},
  publisher={Frontiers Media SA}
}

@article{watson2017quantifying,
  title={Quantifying p CO2 in biological ocean acidification experiments: A comparison of four methods},
  author={Watson, Sue-Ann and Fabricius, Katharina E and Munday, Philip L},
  journal={PLoS One},
  volume={12},
  number={9},
  pages={e0185469},
  year={2017},
  publisher={Public Library of Science San Francisco, CA USA}
}

@article{fakhraee2022environmental,
  title={Environmental impacts and carbon capture potential of ocean alkalinity enhancement},
  author={Fakhraee, Mojtaba and Li, Zijian and Planavsky, Noah and Reinhard, Christopher},
  year={2022},
  journal={}
}

@article{landschutzer2014recent,
  title={Recent variability of the global ocean carbon sink},
  author={Landsch{\"u}tzer, Peter and Gruber, Nicolas and Bakker, Dorothee CE and Schuster, Ute},
  journal={Global Biogeochemical Cycles},
  volume={28},
  number={9},
  pages={927--949},
  year={2014},
  publisher={Wiley Online Library}
}

@article{chen2021quantifying,
  title={Quantifying the Atmospheric CO2 Forcing Effect on Surface Ocean p CO2 in the North Pacific Subtropical Gyre in the Past Two Decades},
  author={Chen, Shuangling and Sutton, Adrienne J and Hu, Chuanmin and Chai, Fei},
  journal={Frontiers in Marine Science},
  volume={8},
  pages={636881},
  year={2021},
  publisher={Frontiers Media SA}
}

@article{heinze2015ocean,
  title={The ocean carbon sink--impacts, vulnerabilities and challenges},
  author={Heinze, Christoph and Meyer, Stefanie and Goris, Nadine and Anderson, Leif and Steinfeldt, Reiner and Chang, Nicolette and Le Quere, Corinne and Bakker, Dorothee CE},
  journal={Earth System Dynamics},
  volume={6},
  number={1},
  pages={327--358},
  year={2015},
  publisher={Copernicus GmbH}
}

@article{holzersource,
  title={Source-labelled anthropogenic carbon reveals a large shift of preindustrial carbon from the ocean to the atmosphere},
  author={Holzer, Mark and DeVries, Tim},
  journal={Global Biogeochemical Cycles},
  pages={e2022GB007405},
  year={2022},
  publisher={Wiley Online Library}
}

@article{lenton2012observed,
  title={The observed evolution of oceanic pCO2 and its drivers over the last two decades},
  author={Lenton, Andrew and Metzl, Nicolas and Takahashi, Taro and Kuchinke, Mareva and Matear, Richard J and Roy, Tilla and Sutherland, Stewart C and Sweeney, Colm and Tilbrook, Bronte},
  journal={Global Biogeochemical Cycles},
  volume={26},
  number={2},
  year={2012},
  publisher={Wiley Online Library}
}

@article{lerman2005co2,
  title={CO2 air--sea exchange due to calcium carbonate and organic matter storage, and its implications for the global carbon cycle},
  author={Lerman, Abraham and Mackenzie, Fred T},
  journal={Aquatic Geochemistry},
  volume={11},
  number={4},
  pages={345--390},
  year={2005},
  publisher={Springer}
}

@article{shukla2022summary,
  title={Summary for Policymakers. In: Climate Change 2022: Mitigation of Climate Change. Contribution of Working Group III to the Sixth Assessment Report of the Intergovernmental Panel on Climate Change},
  author={Shukla and others},
  journal={Cambridge University Press, Cambridge, UK and New York, NY, USA},
  year={2022},
}

@article{keller2018effects,
  title={The effects of carbon dioxide removal on the carbon cycle},
  author={Keller, David P and Lenton, Andrew and Littleton, Emma W and Oschlies, Andreas and Scott, Vivian and Vaughan, Naomi E},
  journal={Current climate change reports},
  volume={4},
  number={3},
  pages={250--265},
  year={2018},
  publisher={Springer}
}

@article{friedlingstein2022global,
  title={Global Carbon Budget 2022},
  author={Friedlingstein, Pierre and O'Sullivan, Michael and Jones, Matthew W and Andrew, Robbie M and Gregor, Luke and Hauck, Judith and Le Qu{\'e}r{\'e}, Corinne and Luijkx, Ingrid T and Olsen, Are and Peters, Glen P and others},
  journal={Earth System Science Data},
  volume={14},
  number={11},
  pages={4811--4900},
  year={2022},
  publisher={Copernicus GmbH}
}

@article{renforth2017assessing,
  title={Assessing ocean alkalinity for carbon sequestration},
  author={Renforth, Phil and Henderson, Gideon},
  journal={Reviews of Geophysics},
  volume={55},
  number={3},
  pages={636--674},
  year={2017},
  publisher={Wiley Online Library}
}

@article{yun2022enhance,
  title={Enhance seasonal amplitude of atmospheric CO2 by the changing Southern Ocean carbon sink},
  author={Yun, Jeongmin and Jeong, Sujong and Gruber, Nicolas and Gregor, Luke and Ho, Chang-Hoi and Piao, Shilong and Ciais, Philippe and Schimel, David and Kwon, Eun Young},
  journal={Science Advances},
  volume={8},
  number={41},
  pages={eabq0220},
  year={2022},
  publisher={American Association for the Advancement of Science}
}

@article{schwinger2022report,
  title={Report on modifications of ocean carbon cycle feedbacks under ocean alkalinization},
  author={Schwinger, J{\"o}rg},
  year={2022},
  publisher={OceanNETs}
}

@article{landschutzer2018strengthening,
  title={Strengthening seasonal marine CO2 variations due to increasing atmospheric CO2},
  author={Landsch{\"u}tzer, Peter and Gruber, Nicolas and Bakker, Dorothee CE and Stemmler, Irene and Six, Katharina D},
  journal={Nature Climate Change},
  volume={8},
  number={2},
  pages={146--150},
  year={2018},
  publisher={Nature Publishing Group}
}

@article{matthes2020flexible,
  title={The Flexible Ocean and Climate Infrastructure version 1 (FOCI1): mean state and variability},
  author={Matthes, Katja and Biastoch, Arne and Wahl, Sebastian and Harla{\ss}, Jan and Martin, Torge and Br{\"u}cher, Tim and Drews, Annika and Ehlert, Dana and Getzlaff, Klaus and Kr{\"u}ger, Fritz and others},
  journal={Geoscientific Model Development},
  volume={13},
  number={6},
  pages={2533--2568},
  year={2020},
  publisher={Copernicus GmbH}
}

@article{chien2022foci,
  title={FOCI-MOPS v1--Integration of Marine Biogeochemistry within the Flexible Ocean and Climate Infrastructure version 1 (FOCI 1) Earth system model},
  author={Chien, Chia-Te and Durgadoo, Jonathan V and Ehlert, Dana and Frenger, Ivy and Keller, David P and Koeve, Wolfgang and Kriest, Iris and Landolfi, Angela and Patara, Lavinia and Wahl, Sebastian and others},
  journal={Geoscientific Model Development Discussions},
  pages={1--58},
  year={2022},
  publisher={Copernicus GmbH}
}

@book{williams2011ocean,
  title={Ocean dynamics and the carbon cycle: Principles and mechanisms},
  author={Williams, Richard G and Follows, Michael J},
  year={2011},
  publisher={Cambridge University Press}
}

@article{gallego2018drivers,
  title={Drivers of future seasonal cycle changes in oceanic pCO 2},
  author={Gallego, M and Timmermann, Axel and Friedrich, Tobias and Zeebe, Richard E},
  journal={Biogeosciences},
  volume={15},
  number={17},
  pages={5315--5327},
  year={2018},
  publisher={Copernicus GmbH}
}

@article{fassbender2018seasonal,
  title={Seasonal asymmetry in the evolution of surface ocean pCO2 and pH thermodynamic drivers and the influence on sea-air CO2 flux},
  author={Fassbender, Andrea J and Rodgers, Keith B and Palevsky, Hilary I and Sabine, Christopher L},
  journal={Global Biogeochemical Cycles},
  volume={32},
  number={10},
  pages={1476--1497},
  year={2018},
  publisher={Wiley Online Library}
}

@article{takahashi2002global,
  title={Global sea--air CO2 flux based on climatological surface ocean pCO2, and seasonal biological and temperature effects},
  author={Takahashi, Taro and Sutherland, Stewart C and Sweeney, Colm and Poisson, Alain and Metzl, Nicolas and Tilbrook, Bronte and Bates, Nicolas and Wanninkhof, Rik and Feely, Richard A and Sabine, Christopher and others},
  journal={Deep Sea Research Part II: Topical Studies in Oceanography},
  volume={49},
  number={9-10},
  pages={1601--1622},
  year={2002},
  publisher={Elsevier}
}

@book{sarmiento2006ocean,
  title={Ocean Biogeochemical Dynamics},
  author={Sarmiento, J.L. and Gruber, N.},
  isbn={9780691017075},
  lccn={2005050465},
  year={2006},
  publisher={Princeton University Press}
}

@inbook{change2014impacts,
author = {Dasgupta, Purnamita and Morton, J.F. and Dodman, D. and Karapinar, B. and Meza, Francisco and Rivera-Ferre, Marta and Sarr, A. and Vincent, Katharine},
year = {2014},
pages = {613-657},
title = {Part A: Global and Sectoral Aspects. Contribution of Working Group II to the Fifth Assessment Report of the Intergovernmental Panel on Climate Change},
publisher={Cambridge University Press}
}

@article{zhang2022river,
  title={River chemistry constraints on the carbon capture potential of surficial enhanced rock weathering},
  author={Zhang, Shuang and Planavsky, Noah J and Katchinoff, Joachim and Raymond, Peter A and Kanzaki, Yoshiki and Reershemius, Tom and Reinhard, Christopher T},
  journal={Limnology and Oceanography},
  year={2022},
  publisher={Wiley Online Library}
}

@article{middelburg2020ocean,
  title={Ocean alkalinity, buffering and biogeochemical processes},
  author={Middelburg, Jack J and Soetaert, Karline and Hagens, Mathilde},
  journal={Reviews of Geophysics},
  volume={58},
  number={3},
  pages={e2019RG000681},
  year={2020},
  publisher={Wiley Online Library}
}

@BOOK{NAP26278,  author    = "NASEM",  title     = "A Research Strategy for Ocean-based Carbon Dioxide Removal and Sequestration",  isbn      = "978-0-309-08761-2",  doi       = "10.17226/26278", 
  year      =2022,
  publisher = "The National Academies Press",
  address   = "Washington, DC"
}

@article{de1984ph,
  title={A pH study of calcium phosphate seeded precipitation},
  author={De Rooij, JF and Heughebaert, JC and Nancollas, GH},
  journal={Journal of colloid and interface science},
  volume={100},
  number={2},
  pages={350--358},
  year={1984},
  publisher={Elsevier}
}

@article{lerner2021drivers,
  title={Drivers of air-sea CO2 flux seasonality and its long-term changes in the NASA-GISS model CMIP6 submission},
  author={Lerner, Paul and Romanou, Anastasia and Kelley, Maxwell and Romanski, Joy and Ruedy, Reto and Russell, Gary},
  journal={Journal of Advances in Modeling Earth Systems},
  volume={13},
  number={2},
  pages={e2019MS002028},
  year={2021},
  publisher={Wiley Online Library}
}

@article{kwiatkowski2018diverging,
  title={Diverging seasonal extremes for ocean acidification during the twenty-first century},
  author={Kwiatkowski, Lester and Orr, James C},
  journal={Nature Climate Change},
  volume={8},
  number={2},
  pages={141--145},
  year={2018},
  publisher={Nature Publishing Group UK London}
}

@article{kwiatkowski2022modified,
  title={Modified future diurnal variability of the global surface ocean CO2 system},
  author={Kwiatkowski, Lester and Torres, Olivier and Aumont, Olivier and Orr, James C},
  journal={Global Change Biology},
  year={2022},
  publisher={Wiley Online Library}
}

@article{egleston2010revelle,
  title={Revelle revisited: Buffer factors that quantify the response of ocean chemistry to changes in DIC and alkalinity},
  author={Egleston, Eric S and Sabine, Christopher L and Morel, Fran{\c{c}}ois MM},
  journal={Global Biogeochemical Cycles},
  volume={24},
  number={1},
  year={2010},
  publisher={Wiley Online Library}
}

@incollection{mcneil2019changing,
  title={The changing ocean and freshwater CO2 system},
  author={McNeil, Ben I and Matsumoto, Katsumi},
  booktitle={Fish Physiology},
  volume={37},
  pages={1--32},
  year={2019},
  publisher={Elsevier}
}

@article{he2022limits,
  title={Limits and CO2 equilibration of near-coast alkalinity enhancement},
  author={He, Jing and Tyka, Michael Dominik},
  journal={EGUsphere},
  pages={1--26},
  year={2022},
  publisher={Copernicus GmbH}
}

@article{thomas2009enhanced,
  title={Enhanced ocean carbon storage from anaerobic alkalinity generation in coastal sediments},
  author={Thomas, Helmuth and Schiettecatte, L-S and Suykens, KONE and Kon{\'e}, YJM and Shadwick, EH and Prowe, AE Friederike and Bozec, Yann and de Baar, Hein JW and Borges, AV},
  journal={Biogeosciences},
  volume={6},
  number={2},
  pages={267--274},
  year={2009},
  publisher={Copernicus GmbH}
}

@article{omar2010spatiotemporal,
  title={Spatiotemporal variations of fCO 2 in the North Sea},
  author={Omar, AM and Olsen, A and Johannessen, T and Hoppema, Mario and Thomas, H and Borges, AV},
  journal={Ocean Science},
  volume={6},
  number={1},
  pages={77--89},
  year={2010},
  publisher={Copernicus GmbH}
}

@article{jo2022future,
  title={Future Amplification of Sea Surface Temperature Seasonality Due To Enhanced Ocean Stratification},
  author={Jo, Anila Rani and Lee, June-Yi and Timmermann, Axel and Jin, Fei-Fei and Yamaguchi, Ryohei and Gallego, Angeles},
  journal={Geophysical Research Letters},
  volume={49},
  number={9},
  pages={e2022GL098607},
  year={2022},
  publisher={Wiley Online Library}
}

@article{jones2014spatial,
  title={Spatial and seasonal variability of the air-sea equilibration timescale of carbon dioxide},
  author={Jones, Daniel C and Ito, Takamitsu and Takano, Yohei and Hsu, Wei-Ching},
  journal={Global Biogeochemical Cycles},
  volume={28},
  number={11},
  pages={1163--1178},
  year={2014},
  publisher={Wiley Online Library}
}

@article{borges2006carbon,
  title={Carbon dioxide in European coastal waters},
  author={Borges, AV and Schiettecatte, L-S and Abril, Gwena{\"e}l and Delille, Bruno and Gazeau, Fr{\'e}d{\'e}ric},
  journal={Estuarine, Coastal and Shelf Science},
  volume={70},
  number={3},
  pages={375--387},
  year={2006},
  publisher={Elsevier}
}

@article{fassbender2022quantifying,
  title={Quantifying the role of seasonality in the marine carbon cycle feedback: an ESM2M case study},
  author={Fassbender, Andrea J and Schlunegger, Sarah and Rodgers, Keith B and Dunne, John P},
  journal={Global Biogeochemical Cycles},
  volume={36},
  number={6},
  pages={e2021GB007018},
  year={2022},
  publisher={Wiley Online Library}
}

@article{devries2022ocean,
  title={The Ocean Carbon Cycle},
  author={DeVries, Tim},
  journal={Annual Review of Environment and Resources},
  volume={47},
  pages={317--341},
  year={2022},
  publisher={Annual Reviews}
}

@article{marchitto2007paleoceanography,
  title={Paleoceanography, physical and chemical proxies: Nutrient Proxies},
  author={Marchitto, TM},
  journal={Encyclopedia of Quaternary Science},
  year={2007},
  publisher={Elsevier}
}

@article{kheshgi1995sequestering,
  title={Sequestering atmospheric carbon dioxide by increasing ocean alkalinity},
  author={Kheshgi, Haroon S},
  journal={Energy},
  volume={20},
  number={9},
  pages={915--922},
  year={1995},
  publisher={Elsevier}
}

@article{wang2023simulated,
  title={Simulated impact of ocean alkalinity enhancement on atmospheric CO2 removal in the Bering Sea},
  author={Wang, Hongjie and Pilcher, Darren J and Kearney, Kelly A and Cross, Jessica N and Shugart, O Melissa and Eisaman, Matthew D and Carter, Brendan R},
  journal={Earth's Future},
  volume={11},
  number={1},
  pages={e2022EF002816},
  year={2023},
  publisher={Wiley Online Library}
}

@inproceedings{becker2020northern,
  title={The northern European shelf as increasing net sink for CO 2},
  author={Becker, Meike and Olsen, Are and Fransson, Agneta and Landschuetzer, Peter and Omar, Abdirahman and Rehder, Gregor J and R{\"o}denbeck, Christian and Skjelvan, Ingunn},
  booktitle={Ocean Sciences Meeting 2020},
  year={2020},
  organization={AGU}
}

@article{salt2013variability,
  title={Variability of North Sea pH and CO2 in response to North Atlantic Oscillation forcing},
  author={Salt, Lesley A and Thomas, Helmuth and Prowe, AE Friederike and Borges, Alberto V and Bozec, Yann and de Baar, Hein JW},
  journal={Journal of Geophysical Research: Biogeosciences},
  volume={118},
  number={4},
  pages={1584--1592},
  year={2013},
  publisher={Wiley Online Library}
}

@article{prowe2009mechanisms,
  title={Mechanisms controlling the air--sea CO2 flux in the North Sea},
  author={Prowe, AE Friederike and Thomas, Helmuth and P{\"a}tsch, Johannes and K{\"u}hn, Wilfried and Bozec, Yann and Schiettecatte, Laure-Sophie and Borges, Alberto V and de Baar, Hein JW},
  journal={Continental Shelf Research},
  volume={29},
  number={15},
  pages={1801--1808},
  year={2009},
  publisher={Elsevier}
}

@article{becker2021northern,
  title={The northern European shelf as an increasing net sink for CO 2},
  author={Becker, Meike and Olsen, Are and Landsch{\"u}tzer, Peter and Omar, Abdirhaman and Rehder, Gregor and R{\"o}denbeck, Christian and Skjelvan, Ingunn},
  journal={Biogeosciences},
  volume={18},
  number={3},
  pages={1127--1147},
  year={2021},
  publisher={Copernicus GmbH}
}

@article{thomas2004enhanced,
  title={Enhanced open ocean storage of CO2 from shelf sea pumping},
  author={Thomas, Helmuth and Bozec, Yann and Elkalay, Khalid and De Baar, Hein JW},
  journal={Science},
  volume={304},
  number={5673},
  pages={1005--1008},
  year={2004},
  publisher={American Association for the Advancement of Science}
}

@article{bozec2005continental,
  title={The continental shelf pump for CO2 in the North Sea—evidence from summer observation},
  author={Bozec, Yann and Thomas, Helmuth and Elkalay, Khalid and de Baar, Hein JW},
  journal={Marine Chemistry},
  volume={93},
  number={2-4},
  pages={131--147},
  year={2005},
  publisher={Elsevier}
}

@article{artioli2012carbonate,
  title={The carbonate system in the North Sea: Sensitivity and model validation},
  author={Artioli, Yuri and Blackford, Jeremy C and Butensch{\"o}n, Momme and Holt, Jason T and Wakelin, Sarah L and Thomas, Helmuth and Borges, Alberto V and Allen, J Icarus},
  journal={Journal of Marine Systems},
  volume={102},
  pages={1--13},
  year={2012},
  publisher={Elsevier}
}

@article{pires2011recent,
  title={Recent developments on carbon capture and storage: An overview},
  author={Pires, JCM and Martins, FG and Alvim-Ferraz, MCM and Sim{\~o}es, M},
  journal={Chemical engineering research and design},
  volume={89},
  number={9},
  pages={1446--1460},
  year={2011},
  publisher={Elsevier}
}

@article{boettcher2021navigating,
  title={Navigating potential hype and opportunity in governing marine carbon removal},
  author={Boettcher, Miranda and Brent, Kerryn and Buck, Holly Jean and Low, Sean and McLaren, Duncan and Mengis, Nadine},
  journal={Frontiers in climate},
  volume={3},
  pages={664456},
  year={2021},
  publisher={Frontiers Media SA}
}

@techreport{rodgers2023seasonal,
  title={Seasonal variabiltiy of the surface ocean carbon cycle: a global synthesis},
  author={Rodgers, Keith},
  year={2023},
  institution={Copernicus Meetings}
}

@article{cripps2013biological,
  title={Biological impacts of enhanced alkalinity in Carcinus maenas},
  author={Cripps, Gemma and Widdicombe, Stephen and Spicer, John I and Findlay, Helen S},
  journal={Marine pollution bulletin},
  volume={71},
  number={1-2},
  pages={190--198},
  year={2013},
  publisher={Elsevier}
}

@article{sasse2015quantifying,
  title={Quantifying the influence of CO 2 seasonality on future aragonite undersaturation onset},
  author={Sasse, TP and McNeil, BI and Matear, RJ and Lenton, A},
  journal={Biogeosciences},
  volume={12},
  number={20},
  pages={6017--6031},
  year={2015},
  publisher={Copernicus GmbH G{\"o}ttingen, Germany}
}

@phdthesis{schwichtenberg2013drivers,
  title={Drivers of the carbonate system variability in the southern North Sea: River input, anaerobic alkalinity generation in the Wadden Sea and internal processes},
  author={Schwichtenberg, Fabian},
  year={2013},
  school={Universit{\"a}t Hamburg Hamburg}
}

@incollection{IPCC_2022_WGIII_SPM,
    address = {Cambridge, UK and New York, NY, USA},
    author = {IPCC},
    booktitle = {Climate Change 2022: Mitigation of Climate Change. Contribution of Working Group III to the Sixth Assessment Report of the Intergovernmental Panel on Climate Change},
    doi = {10.1017/9781009157926.001},
    editor = {Shukla, P.R. and Skea, J. and Slade, R. and Khourdajie, A. Al and van Diemen, R. and McCollum, D. and Pathak, M. and Some, S. and Vyas, P. and Fradera, R. and Belkacemi, M. and Hasija, A. and Lisboa, G. and Luz, S. and Malley, J.},
    publisher = {Cambridge University Press},
    title = {Summary for Policymakers},
    type = {Book Section},
    year = {2022}
}

@article{wolf2007total,
  title={Total alkalinity: The explicit conservative expression and its application to biogeochemical processes},
  author={Wolf-Gladrow, Dieter A and Zeebe, Richard E and Klaas, Christine and K{\"o}rtzinger, Arne and Dickson, Andrew G},
  journal={Marine Chemistry},
  volume={106},
  number={1-2},
  pages={287--300},
  year={2007},
  publisher={Elsevier}
}

@article{rau2008electrochemical,
  title={Electrochemical splitting of calcium carbonate to increase solution alkalinity: Implications for mitigation of carbon dioxide and ocean acidity},
  author={Rau, Greg H},
  journal={Environmental science \& technology},
  volume={42},
  number={23},
  pages={8935--8940},
  year={2008},
  publisher={ACS Publications}
}

@inproceedings{shaw2022understanding,
  title={Understanding the Kinetics of Electrochemically derived Magnesium Hydroxide for Ocean Alkalinity Enhancement},
  author={Shaw, Cody and Ringham, Mallory and Lu, Xi and Carter, Brendan and Eisaman, Matthew and Tyka, Mike},
  booktitle={AGU Fall Meeting Abstracts},
  volume={2022},
  pages={GC32I--0713},
  year={2022}
}

@article{o2016scenario,
  title={The scenario model intercomparison project (ScenarioMIP) for CMIP6},
  author={O'Neill, Brian C and Tebaldi, Claudia and Van Vuuren, Detlef P and Eyring, Veronika and Friedlingstein, Pierre and Hurtt, George and Knutti, Reto and Kriegler, Elmar and Lamarque, Jean-Francois and Lowe, Jason and others},
  journal={Geoscientific Model Development},
  volume={9},
  number={9},
  pages={3461--3482},
  year={2016},
  publisher={Copernicus GmbH}
}

@article{archer2009atmospheric,
  title={Atmospheric lifetime of fossil fuel carbon dioxide},
  author={Archer, David and Eby, Michael and Brovkin, Victor and Ridgwell, Andy and Cao, Long and Mikolajewicz, Uwe and Caldeira, Ken and Matsumoto, Katsumi and Munhoven, Guy and Montenegro, Alvaro and others},
  journal={Annual review of earth and planetary sciences},
  volume={37},
  pages={117--134},
  year={2009},
  publisher={Annual Reviews}
}

@article{chikamoto2023long,
  title={Long-Term Slowdown of Ocean Carbon Uptake by Alkalinity Dynamics},
  author={Chikamoto, Megumi O and DiNezio, Pedro and Lovenduski, Nicole},
  journal={Geophysical Research Letters},
  volume={50},
  number={4},
  pages={e2022GL101954},
  year={2023},
  publisher={Wiley Online Library}
}

@article{butenschon2021alkalinization,
  title={Alkalinization scenarios in the Mediterranean Sea for efficient removal of atmospheric CO2 and the mitigation of ocean acidification},
  author={Butensch{\"o}n, Momme and Lovato, Tomas and Masina, Simona and Caserini, Stefano and Grosso, Mario},
  journal={Frontiers in Climate},
  volume={3},
  pages={614537},
  year={2021},
  publisher={Frontiers Media SA}
}

@article{lenton2018assessing,
  title={Assessing carbon dioxide removal through global and regional ocean alkalinization under high and low emission pathways},
  author={Lenton, Andrew and Matear, Richard J and Keller, David P and Scott, Vivian and Vaughan, Naomi E},
  journal={Earth System Dynamics},
  volume={9},
  number={2},
  pages={339--357},
  year={2018},
  publisher={Copernicus GmbH}
}

@article{fassbender2017nonuniform,
  title={Nonuniform ocean acidification and attenuation of the ocean carbon sink},
  author={Fassbender, Andrea J and Sabine, Christopher L and Palevsky, Hilary I},
  journal={Geophysical Research Letters},
  volume={44},
  number={16},
  pages={8404--8413},
  year={2017},
  publisher={Wiley Online Library}
}

@article{ho2023chapter,
  title={Chapter 6: Monitoring, Reporting, and Verification for Ocean Alkalinity Enhancement},
  author={Ho, David T and Bopp, Laurent and Palter, Jaime B and Long, Matthew C and Boyd, Philip and Neukermans, Griet and Bach, Lennart},
  journal={State of the Planet Discussions},
  volume={2023},
  pages={1--15},
  year={2023},
  publisher={G{\"o}ttingen, Germany}
}

@article{rustogi2023impact,
  title={The impact of seasonality on the annual air-sea carbon flux and its interannual variability},
  author={Rustogi, Paridhi and Landsch{\"u}tzer, Peter and Brune, Sebastian and Baehr, Johanna},
  journal={npj Climate and Atmospheric Science},
  volume={6},
  number={1},
  pages={66},
  year={2023},
  publisher={Nature Publishing Group UK London}
}

@article{liu2017seasonal,
  title={Seasonal responses of terrestrial carbon cycle to climate variations in CMIP5 models: Evaluation and projection},
  author={Liu, Yongwen and Piao, Shilong and Lian, Xu and Ciais, Philippe and Smith, W Kolby},
  journal={Journal of Climate},
  volume={30},
  number={16},
  pages={6481--6503},
  year={2017},
  publisher={American Meteorological Society}
}